@online{agricola2012,
author = "Aileen Agricola",
organization = "Neo4j Graph Database",
title = "The graph database market share leader? - neo4j graph database",
url = "https://neo4j.com/news/blog-graphdb-market-share/",
urldate = "2017-01-03",
year = "2012",
month = "05",
day = "05"
}
@video{borojevic2016,
author = "Igor Borojevic and William Lyon and Neo4j",
publisher = "YouTube",
title = "Introducing neo4j 3.1 new security and clustering architecture",
url = "https://www.youtube.com/watch?v=4eknt\_PLwO0",
urldate = "2016-12-27",
year = "2016",
month = "10",
day = "26"
}
@online{chao2016,
author = "Joy Chao",
organization = "Neo4j Graph Database",
title = "Graph databases for beginners: Native vs. Non-native graph technology",
url = "https://neo4j.com/blog/native-vs-non-native-graph-technology/",
urldate = "2016-12-27",
year = "2016",
month = "07",
day = "18"
}
@video{demarzi2015,
author = "Max De Marzi and Neo4j",
publisher = "YouTube",
title = "Bootstrapping recommendations with neo4j",
url = "https://www.youtube.com/watch?v=b\_0Iuc3zUN4\&t=334s",
urldate = "2016-12-27",
year = "2015",
month = "10",
day = "09"
}
@online{graphawarelimited2016,
author = "Graph Aware Limited",
organization = "GraphAware",
title = "Neo4j consultancy, training, development",
url = "http://graphaware.com/",
urldate = "2016-12-27",
year = "2016"
}
@online{hunger2016,
author = "Michael Hunger and Ryan Boyd and William Lyon",
organization = "Neo4j Graph Database",
title = "RDBMS \& graphs: SQL vs. Cypher query languages",
url = "https://neo4j.com/blog/sql-vs-cypher-query-languages/",
urldate = "2016-12-27",
year = "2016",
month = "03",
day = "07"
}
@video{kalantzis2014,
author = "Christos Kalantzis",
editor = "Cassandra and Netflix",
publisher = "YouTube",
title = "Netflix: Cassandra @ Netflix â€” building a house of cards on a solid foundation",
url = "https://www.youtube.com/watch?v=RMSNLP\_ORg8",
urldate = "2016-12-24",
year = "2014",
month = "10",
day = "10"
}
@online{lovely2016,
author = "Stephen Lovely",
title = "Netflix's US catalog has shrunk by more than 2, 500 titles in less than 2.5 years",
url = "https://www.allflicks.net/netflixs-us-catalog-has-shrunk-by-more-than-2500-titles-in-less-than-2-5-years/",
urldate = "2016-12-27",
year = "2016",
month = "03",
day = "23"
}
@video{lyon2016,
author = "William Lyon and Neo4j",
publisher = "YouTube",
title = "Intro to neo4j",
url = "https://www.youtube.com/watch?v=Yzbk6VaavoM\&t=1223s",
urldate = "2016-12-27",
year = "2016",
month = "03",
day = "31"
}
@online{merklsasaki2015,
author = "Bryce Merkl Sasaki and Neo4j",
organization = "Neo4j Graph Database",
title = "Graph databases for beginners: Why graphs are the future - neo4j graph database",
url = "https://neo4j.com/blog/why-graph-databases-are-the-future/",
urldate = "2016-12-27",
year = "2015",
month = "07",
day = "24"
}
@online{mongodb2016,
author = "MongoDB",
organization = "MongoDB",
title = "Advantages of NoSQL",
url = "https://www.mongodb.com/scale/advantages-of-nosql",
urldate = "2017-01-04",
year = "2016"
}
@techreport{neo4j2016,
author = " Neo4j",
publisher = "Neo4j",
address = "neo4j.com",
title = "The world's leading graph database",
url = "http://info.neo4j.com/rs/neotechnology/images/neo4j-casestudy-ebay.pdf",
urldate = "2016-12-27",
year = "2016"
}
@video{neo4j2015,
author = "Neo4j and Michael Bachman",
publisher = "YouTube",
title = "Recommendations with neo4j",
url = "https://www.youtube.com/watch?v=KnQoNJJ4k8I\&t=1510s",
urldate = "2016-12-27",
year = "2015",
month = "04",
day = "17"
}
@online{rathle2013,
author = "Philip Rathle and Emil Eifrem",
organization = "Neo4j Graph Database",
title = "Why the most important part of Facebook graph search is "graph" - neo4j graph database",
url = "https://neo4j.com/blog/why-the-most-important-part-of-facebook-graph-search-is-graph/",
urldate = "2016-12-27",
year = "2013",
month = "01",
day = "17"
}
@online{recommendersystems2012,
author = "Recommender-Systems",
organization = "Recommender Systems",
title = "Collaborative filtering",
url = "http://recommender-systems.org/collaborative-filtering/",
urldate = "2016-12-24",
year = "2012",
month = "01",
day = "22"
}
@online{recommendersystems2012a,
author = "Recommender-Systems",
organization = "Recommender Systems",
title = "Content-based filtering",
url = "http://recommender-systems.org/content-based-filtering/",
urldate = "2016-12-24",
year = "2012",
month = "01",
day = "21"
}
@article{samson2013,
author = "Ted Samson",
journal = "Javaworld",
publisher = "InfoWorld",
title = "Why Netflix is embracing python over java",
url = "http://www.javaworld.com/article/2078738/java-se/why-netflix-is-embracing-python-over-java.html",
urldate = "2016-12-27",
year = "2013",
month = "03",
day = "11"
}
@online{statista2016,
author = "Statista",
organization = "Statista",
title = "Number of Netflix subscribers, users 2016",
url = "https://www.statista.com/statistics/250934/quarterly-number-of-netflix-streaming-subscribers-worldwide/",
urldate = "2016-12-27",
year = "2016"
}
@online{weisstein2005,
author = "Eric W Weisstein",
organization = "Wolfram Research",
title = "Pareto distribution",
url = "http://mathworld.wolfram.com/ParetoDistribution.html",
urldate = "2016-12-27",
year = "2005",
month = "09",
day = "12"
}
